@book{korniowski,
    title = {Projekt odpornej na awarie sieci komputerowej z transmisj\k{a} danych w pasmach nielicencjonowanych},
    author = {Marek Korniowski},
    year = {2009},
}

@book{booth,
    title = {Sequential Machines and Automata Theory (1st ed.)},
    author = {Booth, Taylor L.},
    year = {1967}
}

@article{dunkels,
    title = {Protothreads: Simplifying Event-Driven Programming of Memory-Constrained Embedded Systems},
    author = {Adam Dunkels},
    year = {2006}
}

@misc{katoen,
    title = {The State Explosion Problem},
    author = {Joost-Pieter Katoen},
    institution = {RWTH Aachen},
    URL = {http://www-i2.informatik.rwth-aachen.de/i2/fileadmin/user_upload/documents/MC08/mc_lec5a.pdf},
    year = {2008}
}
