@book{korniowski,
    title = {Projekt odpornej na awarie sieci komputerowej z transmisj\k{a} danych w pasmach nielicencjonowanych},
    author = {Marek Korniowski},
    year = {2009},
}

@book{booth,
    title = {Sequential Machines and Automata Theory (1st ed.)},
    author = {Booth, Taylor L.},
    year = {1967}
}

@article{dunkels,
    title = {Protothreads: Simplifying Event-Driven Programming of Memory-Constrained Embedded Systems},
    author = {Adam Dunkels and Oliver Schmidt and Thiemo Voigt and Muneeb Ali},
    year = {2006}
}

@misc{katoen,
    title = {The State Explosion Problem},
    author = {Joost-Pieter Katoen},
    institution = {RWTH Aachen},
    URL = {http://www-i2.informatik.rwth-aachen.de/i2/fileadmin/user_upload/documents/MC08/mc_lec5a.pdf},
    year = {2008}
}

@misc{duff,
    title = {Tom Duff on Duff's Device},
    author = {Tom Duff},
    year = {1988},
    URL = {http://www.lysator.liu.se/c/duffs-device.html}
}

@book{abrash,
    title = {Graphics Programming Black Book},
    author = {Michael Abrash},
    year = {1997}
}

@book{rf12b_programming_guide,
    title = {RF12B programming guide},
    author = {HOPERF},
    year = {2011}
}

@book{atmega162datasheet,
    title = {Datasheet: ATmega 162},
    author = {Atmel},
    publisher = {Atmel},
    year = {2009}
}

@book{sis4221_datasheet,
    title = {Datasheet: Si4421 Universal ISM Band FSK Transceiver},
    author = {Silicon Labs},
    publisher = {Silicon Labs},
    year = {2008}
}

@book{linux_device_drivers,
    title = {Linux Device Drivers, 3rd Edition},
    author = {Jonathan Corbet and Greg Kroah-Hartman and Alessandro Rubini},
    year = {2005}
}

@article{ti_dsp,
    title = {Circular Buffer in Second Generation DSPs},
    author = {Randy Restle},
    institution = {Texas Instruments},
    year = {1992}
}
